@BOOK{BookExample,
  author       = {A. Einstein and W. C. Fields},
  title        = {On the relativity of relativity},
  edition      = {2nd},
  publisher    = {Publisher},
  address      = {Somewhere},
  year         = {1905}
}

@ARTICLE{White:2015,
  author       = {J. P. White and E. D. Link and A. C. Trouv\'e and P. B. Sunderland and A. W. Marshall and J. A. Sheffel and M. L. Corn and M. B. Colket and M. Chaos and H.-Z. Yu},
  title        = {Radiative emissions measurements from a buoyant, turbulent line flame under oxidizer-dilution quenching conditions},
  journal      = {Fire Safety Journal},
  volume       = {76},
  number       = {},
  pages        = {74-84},
  year         = {2015}
}

@MISC{MaCFP_database,
  howpublished = {{\tt https://github.com/MaCFP/macfp-db}},
}

@PHDTHESIS{White_Thesis,
  author       = {James P. White},
  title        = {Cool Title},
  year         = {2020},
  school       = {University of Maryland},
  address      = {College Park}
}


